@article{DBLP:journals/corr/abs-1304-4661,
  author    = {Takuya Akiba and
               Yoichi Iwata and
               Yuichi Yoshida},
  title     = {Fast Exact Shortest-Path Distance Queries on Large Networks by Pruned
               Landmark Labeling},
  journal   = {CoRR},
  volume    = {abs/1304.4661},
  year      = {2013},
  url       = {http://arxiv.org/abs/1304.4661},
  timestamp = {Thu, 02 May 2013 15:54:12 +0200},
  biburl    = {http://dblp.uni-trier.de/rec/bib/journals/corr/abs-1304-4661},
  bibsource = {dblp computer science bibliography, http://dblp.org}
}

@misc{ wiki:xxx,
   author = "Wikipedia",
   title = "Fractional cascading --- Wikipedia{,} The Free Encyclopedia",
   year = "2014",
   url = "https://en.wikipedia.org/w/index.php?title=Fractional_cascading&oldid=600940345",
   note = "[Online; accessed 19-December-2015]"
 }

@article{chazelle1986fractional,
  title={Fractional cascading: I. A data structuring technique},
  author={Chazelle, Bernard and Guibas, Leonidas J},
  journal={Algorithmica},
  volume={1},
  number={1-4},
  pages={133--162},
  year={1986},
  publisher={Springer}
}
